<?xml version="1.0" encoding="UTF-8"?><collection xmlns="http://www.loc.gov/MARC21/slim"><record><leader>00428nam--2200133-i-4500</leader><controlfield tag="001">000014343</controlfield><controlfield tag="002">20161230</controlfield><controlfield tag="005">20161230201030</controlfield><controlfield tag="008">060222s1000------------r-----000-0-eng-d</controlfield><datafield ind1=" " ind2=" " tag="080"><subfield code="a">530.12(043)</subfield></datafield><datafield ind1=" " ind2=" " tag="100"><subfield code="a">Boutaleb-joutei, Hafid</subfield></datafield><datafield ind1=" " ind2=" " tag="245"><subfield code="a">Etude des configurations des champs de jauge dans les espace-temps courbes et de certains probnlemes associes. these</subfield></datafield><datafield ind1=" " ind2=" " tag="260"><subfield code="a">Orsay, L`Universite Paris-sud, 1981 89 P</subfield></datafield><datafield ind1=" " ind2=" " tag="852"><subfield code="a">70572</subfield></datafield></record></collection>